<?xml version="1.0" encoding="UTF-8"?><collection xmlns="http://www.loc.gov/MARC21/slim"><record><leader>00469nam--2200181-i-4500</leader><controlfield tag="001">000043210</controlfield><controlfield tag="002">20161230</controlfield><controlfield tag="005">20161230201043</controlfield><controlfield tag="008">060222s1000------------r-----000-0-eng-d</controlfield><datafield ind1=" " ind2=" " tag="040"><subfield code="a">IFIN-HH</subfield></datafield><datafield ind1=" " ind2=" " tag="080"><subfield code="a">533.9(061.3)</subfield></datafield><datafield ind1="1" ind2=" " tag="100"><subfield code="a">Vokovic, S</subfield></datafield><datafield ind1="1" ind2="0" tag="245"><subfield code="a">Surface waves in plasmas and solids</subfield><subfield code="c">S. VOKOVIC (Ed.)</subfield></datafield><datafield ind1=" " ind2=" " tag="260"><subfield code="a">Singapore, World Scientific, 1986</subfield></datafield><datafield ind1=" " ind2=" " tag="300"><subfield code="a">XV + 692 P</subfield></datafield><datafield ind1=" " ind2=" " tag="490"><subfield code="a">Icsw - 85</subfield></datafield><datafield ind1=" " ind2=" " tag="852"><subfield code="a">74720</subfield><subfield code="c">533.9</subfield></datafield><datafield ind1=" " ind2=" " tag="CAT"><subfield code="a">Sys</subfield><subfield code="c">20101001</subfield><subfield code="h">184113</subfield></datafield></record></collection>